<record><leader>00000cas a2200000 a 4500</leader><controlfield tag="001">60497239</controlfield><controlfield tag="008">050526c20059999cauwr ne      0    0eng c</controlfield><datafield ind1=" " ind2=" " tag="010"><subfield code="a">  2006222854</subfield></datafield><datafield ind1=" " ind2=" " tag="040"><subfield code="a">CUI</subfield><subfield code="b">eng</subfield><subfield code="c">CUI</subfield><subfield code="d">CLU</subfield><subfield code="d">CUS</subfield><subfield code="d">OCLCQ</subfield><subfield code="d">OCLCF</subfield><subfield code="d">OCLCO</subfield><subfield code="d">IUL</subfield></datafield><datafield ind1=" " ind2=" " tag="019"><subfield code="a">60380408</subfield></datafield><datafield ind1=" " ind2=" " tag="037"><subfield code="b">El Chicano weekly, P.O. Box 6247, San Bernardino, CA 92412-6247</subfield></datafield><datafield ind1=" " ind2=" " tag="042"><subfield code="a">pcc</subfield></datafield><datafield ind1=" " ind2=" " tag="043"><subfield code="a">n-us---</subfield><subfield code="a">n-us-ca</subfield></datafield><datafield ind1="1" ind2="4" tag="050"><subfield code="a">E184.M5</subfield><subfield code="b">C48</subfield></datafield><datafield ind1="0" ind2="4" tag="245"><subfield code="a">The el chicano weekly.</subfield></datafield><datafield ind1="3" ind2=" " tag="246"><subfield code="a">Chicano weekly</subfield></datafield><datafield ind1="1" ind2="7" tag="246"><subfield code="a">Inland Empire community newspapers</subfield></datafield><datafield ind1=" " ind2=" " tag="260"><subfield code="a">San Bernardino, CA :</subfield><subfield code="b">Inland Empire Community Newspapers,</subfield><subfield code="c">[2005]-</subfield></datafield><datafield ind1=" " ind2=" " tag="300"><subfield code="a">v. :</subfield><subfield code="b">ill. ;</subfield><subfield code="c">35 cm.</subfield></datafield><datafield ind1=" " ind2=" " tag="310"><subfield code="a">Weekly</subfield></datafield><datafield ind1="0" ind2=" " tag="362"><subfield code="a">Vol. 39, no. 23 (Apr. 21/Apr. 28, 2005)-</subfield></datafield><datafield ind1=" " ind2=" " tag="500"><subfield code="a">"Serving San Bernadino &amp; Riverside Counties."</subfield></datafield><datafield ind1=" " ind2=" " tag="525"><subfield code="a">Occasional supplements.</subfield></datafield><datafield ind1=" " ind2=" " tag="546"><subfield code="a">In English.</subfield></datafield><datafield ind1=" " ind2=" " tag="588"><subfield code="a">Latest issue consulted: Vol. 40, no. 19 (Mar. 23, 2006/Mar. 30, 2006).</subfield></datafield><datafield ind1=" " ind2="0" tag="650"><subfield code="a">Hispanic Americans</subfield><subfield code="z">California</subfield><subfield code="z">San Bernardino County</subfield><subfield code="v">Newspapers.</subfield></datafield><datafield ind1=" " ind2="0" tag="650"><subfield code="a">Hispanic Americans</subfield><subfield code="z">California</subfield><subfield code="z">Riverside County</subfield><subfield code="v">Newspapers.</subfield></datafield><datafield ind1=" " ind2="0" tag="651"><subfield code="a">San Bernardino County (Calif.)</subfield><subfield code="v">Newspapers.</subfield></datafield><datafield ind1=" " ind2="0" tag="651"><subfield code="a">Riverside County (Calif.)</subfield><subfield code="v">Newspapers.</subfield></datafield><datafield ind1=" " ind2="7" tag="650"><subfield code="a">Hispanic Americans.</subfield><subfield code="2">fast</subfield><subfield code="0">(OCoLC)fst00957523</subfield></datafield><datafield ind1=" " ind2="7" tag="651"><subfield code="a">California</subfield><subfield code="z">Riverside County.</subfield><subfield code="2">fast</subfield><subfield code="0">(OCoLC)fst01205486</subfield></datafield><datafield ind1=" " ind2="7" tag="651"><subfield code="a">California</subfield><subfield code="z">San Bernardino County.</subfield><subfield code="2">fast</subfield><subfield code="0">(OCoLC)fst01207309</subfield></datafield><datafield ind1=" " ind2="7" tag="655"><subfield code="a">Newspapers.</subfield><subfield code="2">fast</subfield><subfield code="0">(OCoLC)fst01423814</subfield></datafield><datafield ind1=" " ind2=" " tag="752"><subfield code="a">United States</subfield><subfield code="b">California</subfield><subfield code="c">San Bernadino</subfield><subfield code="d">San Bernardino.</subfield></datafield><datafield ind1="0" ind2="8" tag="776"><subfield code="i">Online version:</subfield><subfield code="t">El chicano weekly</subfield><subfield code="w">(OCoLC)506248609</subfield></datafield><datafield ind1="0" ind2="0" tag="780"><subfield code="t">Chicano (San Bernadino County ed.)</subfield><subfield code="x">0893-3502</subfield><subfield code="w">(DLC)sn 83045844</subfield><subfield code="w">(OCoLC)3544542</subfield></datafield><datafield ind1="1" ind2=" " tag="029"><subfield code="a">AU@</subfield><subfield code="b">000040297022</subfield></datafield></record>